<record><leader>00000cas a22000007a 4500</leader><controlfield tag="001">14768859</controlfield><controlfield tag="008">861119d187u187utxudr ne      0    0eng d</controlfield><datafield ind1=" " ind2=" " tag="010"><subfield code="a">sn 86090129 </subfield></datafield><datafield ind1=" " ind2=" " tag="040"><subfield code="a">PPM</subfield><subfield code="b">eng</subfield><subfield code="c">PPM</subfield><subfield code="d">DLC</subfield><subfield code="d">OCLCQ</subfield></datafield><datafield ind1=" " ind2=" " tag="042"><subfield code="a">msc</subfield></datafield><datafield ind1="0" ind2=" " tag="130"><subfield code="a">Flake's Galveston bulletin (Galveston, Tex.)</subfield></datafield><datafield ind1="1" ind2="0" tag="245"><subfield code="a">Flake's Galveston bulletin.</subfield></datafield><datafield ind1=" " ind2=" " tag="260"><subfield code="a">Galveston, Tex. :</subfield><subfield code="b">Bulletin Pub. Co.</subfield></datafield><datafield ind1=" " ind2=" " tag="300"><subfield code="a">v. :</subfield><subfield code="b">ill. ;</subfield><subfield code="c">60 cm.</subfield></datafield><datafield ind1=" " ind2=" " tag="310"><subfield code="a">Daily</subfield></datafield><datafield ind1=" " ind2=" " tag="588"><subfield code="a">Description based on: Vol. 8, no. 19 (Sept. 22, 1872).</subfield></datafield><datafield ind1=" " ind2=" " tag="752"><subfield code="a">United States</subfield><subfield code="b">Texas</subfield><subfield code="c">Galveston</subfield><subfield code="d">Galveston.</subfield></datafield><datafield ind1="0" ind2=" " tag="775"><subfield code="t">Flakes semi-weekly Galveston bulletin</subfield><subfield code="w">(OCoLC)13240828</subfield></datafield><datafield ind1="0" ind2=" " tag="775"><subfield code="t">Flake's tri-weekly Galveston bulletin</subfield><subfield code="w">(OCoLC)14270049</subfield></datafield><datafield ind1="0" ind2="0" tag="780"><subfield code="t">Flake's daily Galveston bulletin</subfield><subfield code="w">(OCoLC)14634159</subfield></datafield></record>